<record><leader>00000cas a2200000 a 4500</leader><controlfield tag="001">33816687</controlfield><controlfield tag="008">951129d19uu1935azudr ne      0    0eng d</controlfield><datafield ind1=" " ind2=" " tag="010"><subfield code="a">sn 95060887 </subfield></datafield><datafield ind1=" " ind2=" " tag="040"><subfield code="a">ANN</subfield><subfield code="b">eng</subfield><subfield code="c">ANN</subfield><subfield code="d">OCLCQ</subfield><subfield code="d">OCLCF</subfield><subfield code="d">OCLCO</subfield></datafield><datafield ind1="1" ind2=" " tag="029"><subfield code="a">AU@</subfield><subfield code="b">000012176296</subfield></datafield><datafield ind1=" " ind2=" " tag="042"><subfield code="a">msc</subfield></datafield><datafield ind1=" " ind2=" " tag="043"><subfield code="a">n-us-az</subfield></datafield><datafield ind1="0" ind2="0" tag="245"><subfield code="a">Yuma Arizona sentinel.</subfield></datafield><datafield ind1="1" ind2="3" tag="246"><subfield code="a">Arizona sentinel</subfield></datafield><datafield ind1=" " ind2=" " tag="260"><subfield code="a">Yuma, Ariz. :</subfield><subfield code="b">Yuma News Pub. Co.</subfield></datafield><datafield ind1=" " ind2=" " tag="300"><subfield code="a">v.</subfield></datafield><datafield ind1=" " ind2=" " tag="310"><subfield code="a">Daily</subfield></datafield><datafield ind1="1" ind2=" " tag="362"><subfield code="a">Ceased in 1935.</subfield></datafield><datafield ind1=" " ind2=" " tag="580"><subfield code="a">Merged with: Yuma morning sun, to form: Yuma daily sun and the Yuma Arizona sentinel.</subfield></datafield><datafield ind1=" " ind2=" " tag="588"><subfield code="a">Description based on: Vol. 28, no. 59 (Jan. 2, 1930).</subfield></datafield><datafield ind1=" " ind2="0" tag="651"><subfield code="a">Yuma (Ariz.)</subfield><subfield code="v">Newspapers.</subfield></datafield><datafield ind1=" " ind2="0" tag="651"><subfield code="a">Yuma County (Ariz.)</subfield><subfield code="v">Newspapers.</subfield></datafield><datafield ind1=" " ind2="7" tag="655"><subfield code="a">Newspapers.</subfield><subfield code="2">fast</subfield><subfield code="0">(OCoLC)fst01423814</subfield></datafield><datafield ind1=" " ind2="7" tag="651"><subfield code="a">Arizona</subfield><subfield code="z">Yuma.</subfield><subfield code="2">fast</subfield><subfield code="0">(OCoLC)fst01213905</subfield></datafield><datafield ind1=" " ind2="7" tag="651"><subfield code="a">Arizona</subfield><subfield code="z">Yuma County.</subfield><subfield code="2">fast</subfield><subfield code="0">(OCoLC)fst01214073</subfield></datafield><datafield ind1=" " ind2=" " tag="752"><subfield code="a">United States</subfield><subfield code="b">Arizona</subfield><subfield code="c">Yuma</subfield><subfield code="d">Yuma.</subfield></datafield><datafield ind1="0" ind2="0" tag="780"><subfield code="t">Arizona sentinel (Yuma, Ariz. : 1928)</subfield><subfield code="w">(DLC)sn 95060890</subfield></datafield><datafield ind1="1" ind2="7" tag="785"><subfield code="t">Yuma morning sun</subfield><subfield code="w">(DLC)sn 95060889</subfield></datafield><datafield ind1="1" ind2="7" tag="785"><subfield code="t">Yuma daily sun and the Yuma Arizona sentinel</subfield><subfield code="w">(DLC)sn 84027566</subfield></datafield></record>